% Encoding: UTF-8

@article{campbell2008estimating,
  title={Estimating the equity premium},
  author={Campbell, John Y},
  journal={Canadian Journal of Economics/Revue canadienne d'{\'e}conomique},
  volume={41},
  number={1},
  pages={1--21},
  year={2008},
  publisher={Wiley Online Library}
}

@article{knight2008shrinkage,
  title={Shrinkage estimation for nearly singular designs},
  author={Knight, Keith},
  journal={Econometric Theory},
  volume={24},
  number={2},
  pages={323--337},
  year={2008},
  publisher={Cambridge University Press}
}

@misc{lee2018lasso,
    title={On LASSO for Predictive Regression},
    author={Ji Hyung Lee and Zhentao Shi and Zhan Gao},
    year={2018},
    eprint={1810.03140},
    archivePrefix={arXiv},
    primaryClass={econ.EM}
}

@article{radchenko2005reweighting,
  title={Reweighting the lasso},
  author={Radchenko, Peter},
  journal={2005 Proceedings of the American Statistical Association [CD-ROM]},
  year={2005},
  publisher={Citeseer}
}

@article{zou2006adaptive,
  title={The adaptive lasso and its oracle properties},
  author={Zou, Hui},
  journal={Journal of the American statistical association},
  volume={101},
  number={476},
  pages={1418--1429},
  year={2006},
  publisher={Taylor \& Francis}
}

@article{demetrescu2019testing,
  title={Testing for episodic predictability in stock returns},
  author={Demetrescu, Matei and Georgiev, Iliyan and Rodrigues, Paulo MM and Taylor, AM},
  year={2019},
  publisher={Essex Finance Centre Working Papers}
}

@article{knight2000asymptotics,
  title={Asymptotics for lasso-type estimators},
  author={Knight, Keith and Fu, Wenjiang and others},
  journal={The Annals of statistics},
  volume={28},
  number={5},
  pages={1356--1378},
  year={2000},
  publisher={Institute of Mathematical Statistics}
}

@article{lee2016exact,
  title={Exact post-selection inference, with application to the lasso},
  author={Lee, Jason D and Sun, Dennis L and Sun, Yuekai and Taylor, Jonathan E and others},
  journal={The Annals of Statistics},
  volume={44},
  number={3},
  pages={907--927},
  year={2016},
  publisher={Institute of Mathematical Statistics}
}

@incollection{phillips2016inference,
  title={Inference in near-singular regression},
  author={Phillips, Peter CB},
  booktitle={Essays in Honor of Aman Ullah},
  pages={461--486},
  year={2016},
  publisher={Emerald Group Publishing Limited}
}

@article{phillips1988testing,
  title={Testing for a unit root in time series regression},
  author={Phillips, Peter CB and Perron, Pierre},
  journal={Biometrika},
  volume={75},
  number={2},
  pages={335--346},
  year={1988},
  publisher={Oxford University Press}
}

@article{stambaugh1999predictive,
  title={Predictive regressions},
  author={Stambaugh, Robert F},
  journal={Journal of Financial Economics},
  volume={54},
  number={3},
  pages={375--421},
  year={1999},
  publisher={Elsevier}
}

@article{tibshirani1996regression,
  title={Regression shrinkage and selection via the lasso},
  author={Tibshirani, Robert},
  journal={Journal of the Royal Statistical Society: Series B (Methodological)},
  volume={58},
  number={1},
  pages={267--288},
  year={1996},
  publisher={Wiley Online Library}
}

@article{tibshirani2011regression,
  title={Regression shrinkage and selection via the lasso: a retrospective},
  author={Tibshirani, Robert},
  journal={Journal of the Royal Statistical Society: Series B (Statistical Methodology)},
  volume={73},
  number={3},
  pages={273--282},
  year={2011},
  publisher={Wiley Online Library}
}

@article{tibshirani2011regression,
  title={Regression shrinkage and selection via the lasso: a retrospective},
  author={Tibshirani, Robert},
  journal={Journal of the Royal Statistical Society: Series B (Statistical Methodology)},
  volume={73},
  number={3},
  pages={273--282},
  year={2011},
  publisher={Wiley Online Library}
}

@article{welch2008comprehensive,
  title={A comprehensive look at the empirical performance of equity premium prediction},
  author={Welch, Ivo and Goyal, Amit},
  journal={Review of Financial Studies},
  volume={21},
  number={4},
  pages={1455--1508},
  year={2008},
  publisher={OXFORD UNIV PRESS INC JOURNALS DEPT, 2001 EVANS RD, CARY, NC 27513 USA}
}

@article{zhao2017defense,
  title={In defense of the indefensible: A very naive approach to high-dimensional inference},
  author={Zhao, Sen and Shojaie, Ali and Witten, Daniela},
  journal={arXiv preprint arXiv:1705.05543},
  year={2017}
}

@article{breitung2015instrumental,
  title={Instrumental variable and variable addition based inference in predictive regressions},
  author={Breitung, J{\"o}rg and Demetrescu, Matei},
  journal={Journal of Econometrics},
  volume={187},
  number={1},
  pages={358--375},
  year={2015},
  publisher={Elsevier}
}

@article{fama1970efficient,
  title={Efficient capital markets: A review of theory and empirical work},
  author={Fama, Eugene F and Malkiel, Burton G},
  journal={The journal of Finance},
  volume={25},
  number={2},
  pages={383--417},
  year={1970},
  publisher={Wiley Online Library}
}

@article{fama1988dividend,
  title={Dividend yields and expected stock returns},
  author={Fama, Eugene F and French, Kenneth R},
  journal={Journal of financial economics},
  volume={22},
  number={1},
  pages={3--25},
  year={1988},
  publisher={Elsevier}
}

@article{schiller1998valuation,
  title={Valuation ratios and the long-run stock market outlook},
  author={Schiller, J and Campbell, J},
  journal={Journal of},
  year={1998}
}

@techreport{campbell2001valuation,
  title={Valuation ratios and the long-run stock market outlook: An update},
  author={Campbell, John Y and Shiller, Robert J},
  year={2001},
  institution={National bureau of economic research}
}

@article{fama1990stock,
  title={Stock returns, expected returns, and real activity},
  author={Fama, Eugene F},
  journal={The journal of finance},
  volume={45},
  number={4},
  pages={1089--1108},
  year={1990},
  publisher={Wiley Online Library}
}

@article{schwert1990stock,
  title={Stock returns and real activity: A century of evidence},
  author={Schwert, G William},
  journal={The Journal of Finance},
  volume={45},
  number={4},
  pages={1237--1257},
  year={1990},
  publisher={Wiley Online Library}
}

@article{kothari1997book,
  title={Book-to-market, dividend yield, and expected market returns: A time-series analysis},
  author={Kothari, Smitu P and Shanken, Jay},
  journal={Journal of Financial Economics},
  volume={44},
  number={2},
  pages={169--203},
  year={1997},
  publisher={Elsevier}
}

@article{pontiff1998book,
  title={Book-to-market ratios as predictors of market returns},
  author={Pontiff, Jeffrey and Schall, Lawrence D},
  journal={Journal of Financial Economics},
  volume={49},
  number={2},
  pages={141--160},
  year={1998},
  publisher={Elsevier}
}

@article{lamont1998earnings,
  title={Earnings and expected returns},
  author={Lamont, Owen},
  journal={The journal of Finance},
  volume={53},
  number={5},
  pages={1563--1587},
  year={1998},
  publisher={Wiley Online Library}
}

@article{hodrick1992dividend,
  title={Dividend yields and expected stock returns: Alternative procedures for inference and measurement},
  author={Hodrick, Robert J},
  journal={The Review of Financial Studies},
  volume={5},
  number={3},
  pages={357--386},
  year={1992},
  publisher={Oxford University Press}
}

@article{yule1926we,
  title={Why do we sometimes get nonsense-correlations between Time-Series?--a study in sampling and the nature of time-series},
  author={Yule, G Udny},
  journal={Journal of the royal statistical society},
  volume={89},
  number={1},
  pages={1--63},
  year={1926},
  publisher={JSTOR}
}

@article{granger1974spurious,
  title={Spurious regressions in econometrics},
  author={Granger, Clive and Newbold, P},
  journal={Journal of Econometrics},
  volume={2},
  number={2},
  pages={111--120},
  year={1974},
  publisher={Elsevier}
}

@article{phillips1986understanding,
  title={Understanding spurious regressions in econometrics},
  author={Phillips, Peter CB},
  journal={Journal of econometrics},
  volume={33},
  number={3},
  pages={311--340},
  year={1986},
  publisher={Elsevier}
}

@article{granger2001spurious,
  title={Spurious regression in econometrics},
  author={Granger, CWJ and Newbold, P},
  journal={ECONOMETRIC SOCIETY MONOGRAPHS},
  volume={33},
  pages={109--118},
  year={2001},
  publisher={Cambridge University Press}
}

@article{engle1987co,
  title={Co-integration and error correction: representation, estimation, and testing},
  author={Engle, Robert F and Granger, Clive WJ},
  journal={Econometrica: journal of the Econometric Society},
  pages={251--276},
  year={1987},
  publisher={JSTOR}
}

@article{jiang2007stock,
  title={Stock returns, dividend yield, and book-to-market ratio},
  author={Jiang, Xiaoquan and Lee, Bong-Soo},
  journal={Journal of Banking \& Finance},
  volume={31},
  number={2},
  pages={455--475},
  year={2007},
  publisher={Elsevier}
}

@article{roll2002rational,
  title={Rational infinitely lived asset prices must be non-stationary},
  author={Roll, Richard},
  journal={Journal of banking \& finance},
  volume={26},
  number={6},
  pages={1093--1097},
  year={2002},
  publisher={Elsevier}
}

@article{park1988statistical,
  title={Statistical inference in regressions with integrated processes: Part 1},
  author={Park, Joon Y and Phillips, Peter CB},
  journal={Econometric Theory},
  volume={4},
  number={3},
  pages={468--497},
  year={1988},
  publisher={Cambridge University Press}
}

@article{park1989statistical,
  title={Statistical inference in regressions with integrated processes: Part 2},
  author={Park, Joon Y and Phillips, Peter CB},
  journal={Econometric Theory},
  volume={5},
  number={1},
  pages={95--131},
  year={1989},
  publisher={Cambridge University Press}
}

@article{phillips1988regression,
  title={Regression theory for near-integrated time series},
  author={Phillips, Peter CB},
  journal={Econometrica: Journal of the Econometric Society},
  pages={1021--1043},
  year={1988},
  publisher={JSTOR}
}

@article{torous2004predicting,
  title={On predicting stock returns with nearly integrated explanatory variables},
  author={Torous, Walter and Valkanov, Rossen and Yan, Shu},
  journal={The Journal of Business},
  volume={77},
  number={4},
  pages={937--966},
  year={2004},
  publisher={JSTOR}
}

@article{cavanagh1995inference,
  title={Inference in models with nearly integrated regressors},
  author={Cavanagh, Christopher L and Elliott, Graham and Stock, James H},
  journal={Econometric theory},
  volume={11},
  number={5},
  pages={1131--1147},
  year={1995},
  publisher={Cambridge University Press}
}

@article{stock1994deciding,
  title={Deciding between I (1) and I (0)},
  author={Stock, James H},
  journal={Journal of Econometrics},
  volume={63},
  number={1},
  pages={105--131},
  year={1994},
  publisher={Elsevier}
}

@article{phillips1986multiple,
  title={Multiple time series regression with integrated processes},
  author={Phillips, Peter CB and Durlauf, Steven N},
  journal={The Review of Economic Studies},
  volume={53},
  number={4},
  pages={473--495},
  year={1986},
  publisher={Wiley-Blackwell}
}

@article{phillips2013predictive,
  title={Predictive regression under various degrees of persistence and robust long-horizon regression},
  author={Phillips, Peter CB and Lee, Ji Hyung},
  journal={Journal of Econometrics},
  volume={177},
  number={2},
  pages={250--264},
  year={2013},
  publisher={Elsevier}
}

@article{elliott1994inference,
  title={Inference in time series regression when the order of integration of a regressor is unknown},
  author={Elliott, Graham and Stock, James H},
  journal={Econometric theory},
  volume={10},
  number={3-4},
  pages={672--700},
  year={1994},
  publisher={Cambridge University Press}
}

@article{jansson2006optimal,
  title={Optimal inference in regression models with nearly integrated regressors},
  author={Jansson, Michael and Moreira, Marcelo J},
  journal={Econometrica},
  volume={74},
  number={3},
  pages={681--714},
  year={2006},
  publisher={Wiley Online Library}
}

@article{phillips2015halbert,
  title={Halbert White Jr. Memorial JFEC lecture: Pitfalls and possibilities in predictive regression},
  author={Phillips, Peter CB},
  journal={Journal of Financial Econometrics},
  volume={13},
  number={3},
  pages={521--555},
  year={2015},
  publisher={Oxford University Press}
}

@inproceedings{meinshausen2004consistent,
  title={Consistent neighbourhood selection for sparse high-dimensional graphs with the Lasso},
  author={Meinshausen, Nicolai and Buhlmann, P},
  year={2004},
  organization={Seminar f{\"u}r Statistik, Eidgen{\"o}ssische Technische Hochschule (ETH), Z{\"u}rich}
}

@article{breiman1995better,
  title={Better subset regression using the nonnegative garrote},
  author={Breiman, Leo},
  journal={Technometrics},
  volume={37},
  number={4},
  pages={373--384},
  year={1995},
  publisher={Taylor \& Francis Group}
}